% Encoding: UTF-8

@TechReport{Karagiannidis2016,
  author      = {Karagiannidis, Athanasios},
  title       = {{Visiting Scientist Activity for the validation and improvement of the Convective Initiation (CI) product of NWC SAF v2016 and v2018}},
  institution = {NWC\,SAF, M\'{e}t\'{e}o France, Toulouse},
  year        = {2016},
}

@TechReport{RADOLANkurz2018,
  author      = {Weigl, Elmar and Winterrath, Tanja and Sacher, Daniel},
  title       = {{Hoch aufgelöste Niederschlagsana\-lyse und –vorhersage auf der Basis quantitativer Radar- und Ombrometerdaten für grenzüberschreitende Fluss-Einzugsgebiete von Deutsch­land im Echtzeitbetrieb [High resolution precipitation analysis and forecast on the basis of quantitative radar and ombrometre data for transborder river catchments of Germany in real-time operation]}},
  subtitle    = {Beschreibung des Kompositformats},
  version     = {2.4.3},
  institution = {Deutscher Wetterdienst},
  year        = {2004--2018},
}}

@Article{Haberlie_2015,
  author    = {Alex M. Haberlie and Walker S. Ashley and Thomas J. Pingel},
  title     = {{The effect of urbanisation on the climatology of thunderstorm initiation}},
  journal   = {Quarterly Journal of the Royal Meteorological Society},
  year      = {2015},
  volume    = {141},
  number    = {688},
  pages     = {663--675},
  month     = {jan},
  doi       = {10.1002/qj.2499},
  file      = {:Haberlie-et-al_2015_QJRMS.pdf:PDF},
  publisher = {Wiley-Blackwell},
}

@Article{Schmetz2002,
  author    = {Johannes Schmetz and Paolo Pili and Stephen Tjemkes and Dieter Just and Jochen Kerkmann and Sergio Rota and Alain Ratier},
  title     = {{An Introduction to Meteosat Second Generation ({MSG})}},
  journal   = {Bulletin of the American Meteorological Society},
  year      = {2002},
  volume    = {83},
  number    = {7},
  pages     = {977--992},
  month     = {jul},
  doi       = {10.1175/1520-0477(2002)083<0977:aitmsg>2.3.co;2},
  publisher = {American Meteorological Society},
}

@TechReport{NWCSAFWolken2014,
  author    = {Derrien, Marcel and {Le Gl\'{e}au}, Herv\'{e}},
  title     = {{Product User Manual for "Cloud Products" (CMa-PGE01 v3.2, CT-
PGE02 v2.2 \& CTTH-PGE03 v2.2)}},
  institution = {{NWC\,SAF, M\'{e}t\'{e}o France}},
  year      = {2014},
}

@Article{SiewertKoenigMecikalski2010,
  author    = {Christopher W. Siewert and Marianne Koenig and John R. Mecikalski},
  title     = {{Application of Meteosat second generation data towards improving the nowcasting of convective initiation}},
  journal   = {Meteorological Applications},
  year      = {2010},
  pages     = {422--451},
  doi       = {10.1002/met.176},
  file      = {:Siewert_2010_MA.pdf:PDF},
  publisher = {Wiley-Blackwell},
  doi       = {10.1002/met.176},
}

@Article{MecikalskiBedka2006,
  author =    {John R. Mecikalski and Kristopher M. Bedka},
  title =     {{Forecasting Convective Initiation by Monitoring the Evolution of Moving Cumulus in Daytime {GOES} Imagery}},
  journal =   {Mon. Wea. Rev.},
  year =      {2006},
  volume =    {134},
  number =    {1},
  pages =     {49--78},
  month =     {jan},
  doi =       {10.1175/mwr3062.1},
  publisher = {American Meteorological Society},
}

@Article{MecikalskiBedkaPaechEtAl2008,
  author =    {John R. Mecikalski and Kristopher M. Bedka and Simon J. Paech and Leslie A. Litten},
  title =     {{A Statistical Evaluation of {GOES} Cloud-Top Properties for Nowcasting Convective Initiation}},
  journal =   {Mon. Wea. Rev.},
  year =      {2008},
  volume =    {136},
  number =    {12},
  pages =     {4899--4914},
  month =     {dec},
  doi =       {10.1175/2008mwr2352.1},
  publisher = {American Meteorological Society},
}

@Article{MecikalskiMacKenzieKoenigEtAl2010,
  author =    {John R. Mecikalski and Wayne M. MacKenzie and Marianne Koenig and Sam Muller},
  title =     {{Cloud-Top Properties of Growing Cumulus prior to Convective Initiation as Measured by Meteosat Second Generation. Part I: Infrared Fields}},
  journal =   {J. Appl. Meteor. Climatol.},
  year =      {2010},
  volume =    {49},
  number =    {3},
  pages =     {521--534},
  month =     {mar},
  doi =       {10.1175/2009jamc2344.1},
  file =      {:Meciklski_2010_JAMC.pdf:PDF},
  publisher = {American Meteorological Society},
}

@Article{MecikalskiMacKenzieKoenigEtAl2010a,
  author =    {John R. Mecikalski and Wayne M. MacKenzie and Marianne König and Sam Muller},
  title =     {{Cloud-Top Properties of Growing Cumulus prior to Convective Initiation as Measured by Meteosat Second Generation. Part {II}: Use of Visible Reflectance}},
  journal =   {J. Appl. Meteor. Climatol.},
  year =      {2010},
  volume =    {49},
  number =    {12},
  pages =     {2544--2558},
  month =     {dec},
  doi =       {10.1175/2010jamc2480.1},
  file =      {:Mecikalski_2010_JAMC_b.pdf:PDF},
  publisher = {American Meteorological Society},
}

@InProceedings{Zach2007,
  author    = {Zach, C. and Pock, T. and Bischof, H.},
  title     = {{A Duality Based Approach for Realtime TV-L Optical Flow}},
  booktitle = {Pattern Recognition: 29th DAGM Symposium, Heidelberg, Germany, September 12-14, 2007, Proceedings},
  year      = {2007},
  editor    = {Hamprecht, Fred A. and Schn\"{o}rr, Christoph and J\"{a}hne, Bernd},
  volume    = {29},
  series    = {Pattern Recognition: 29th DAGM Symposium, Heidelberg, Germany, September 12-14, 2007, Proceedings},
  pages     = {560},
  month     = sep,
  doi       = {10.5201/ipol.2013.26},
}

@article{opencv_library,
    author = {Bradski, G.},
    citeulike-article-id = {2236121},
    journal = {Dr. Dobb's Journal of Software Tools},
    keywords = {bibtex-import},
    posted-at = {2008-01-15 19:21:54},
    priority = {4},
    title = {{The OpenCV Library}},
    year = {2000}
}

@inproceedings{Butler:ECCV:2012,
	title = {{A naturalistic open source movie for optical flow evaluation}},
	author = {Butler, D. J. and Wulff, J. and Stanley, G. B. and Black, M. J.},
	booktitle = {European Conf. on Computer Vision (ECCV)},
	editor = {{A. Fitzgibbon et al. (Eds.)}},
	publisher = {Springer-Verlag},
	series = {Part IV, LNCS 7577},
	month = oct,
	pages = {611--625},
	year = {2012}
}

@Article{SenfDietzschHuenerbeinEtAl2015,
  author =    {Fabian Senf and Felix Dietzsch and Anja Hünerbein and Hartwig Deneke},
  title =     {{Characterization of Initiation and Growth of Selected Severe Convective Storms over Central {Europe} with {MSG}-{SEVIRI}}},
  journal =   {J. Appl. Meteor. Climatol.},
  year =      {2015},
  volume =    {54},
  number =    {1},
  pages =     {207--224},
  month =     {jan},
  doi =       {10.1175/jamc-d-14-0144.1},
  publisher = {American Meteorological Society},
}

@Article{Senf.Deneke_2017_JAMC,
  author    = {Senf, F. and Deneke, H.},
  title     = {{Satellite-based characterization of convective growth and glaciation properties in relation to precipitation formation over Central Europe}},
  journal   = {J. Appl. Meteor. Climatol.},
  year      = {2017},
  volume    = {56},
  pages     = {1827-1845},
  file      = {:home/senf/TROPOS/pub/PAPERS/2017_Senf-Deneke_JAMC.pdf:PDF},
  owner     = {fabian},
  timestamp = {2016.08.29},
}

@Article{Perez2013,
  author  = {P{\'e}rez, Javier S{\'a}nchez and Meinhardt-Llopis, Enric and Facciolo, Gabriele},
  title   = {{TV-L1 optical flow estimation}},
  journal = {Image Processing On Line},
  year    = {2013},
  volume  = {2013},
  pages   = {137--150},
  file    = {:TV_L1.pdf:PDF},
  doi     = {10.5201/ipol.2013.26},
}

@TechReport{Autones2016a,
  author      = {Auton\`{e}s, Frederic and Moisselin, Jean-Marc},
  title       = {{User Manual for the Convection Product}},
  subtitle    = {NWC/CDOP2/GEO/MFT/SCI/UM/Convection, Issue 1, Rev. 1},
  version     = {1.1d},
  institution = {M\'{e}t\'{e}o France},
  year        = {2016},
}

@TechReport{Autones2016b,
  author      = {Auton\`{e}s, Frederic and Moisselin, Jean-Marc},
  title       = {{Algorithm Theoretical Basis Document for Convection Products}},
  subtitle    = {NWC/CDOP2/GEO/MFT/SCI/ATBD/Convection, Issue 1, Rev. 1},
  version     = {1.1},
  institution = {M\'{e}t\'{e}o France},
  year        = {2016},
}

@Article{SieglaffCronceFeltzEtAl2011,
  author =    {Justin M. Sieglaff and Lee M. Cronce and Wayne F. Feltz and Kristopher M. Bedka and Michael J. Pavolonis and Andrew K. Heidinger},
  title =     {Nowcasting Convective Storm Initiation Using Satellite-Based Box-Averaged Cloud-Top Cooling and Cloud-Type Trends},
  journal =   {J. Appl. Meteor. Climatol.},
  year =      {2011},
  volume =    {50},
  number =    {1},
  pages =     {110--126},
  month =     {jan},
  doi =       {10.1175/2010jamc2496.1},
  file =      {:Sieglaff_2010_JAMC.pdf:PDF},
  publisher = {American Meteorological Society},
}

@Article{ZinnerMannsteinTafferner2008,
  author =    {T. Zinner and H. Mannstein and A. Tafferner},
  title =     {{Cb-{TRAM}: Tracking and monitoring severe convection from onset over rapid development to mature phase using multi-channel Meteosat-8 {SEVIRI} data}},
  journal =   {Meteorol Atmos Phys},
  year =      {2008},
  volume =    {101},
  number =    {3-4},
  pages =     {191--210},
  month =     {may},
  doi =       {10.1007/s00703-008-0290-y},
  file =      {:Zinner_2008_MAP.pdf:PDF},
  publisher = {Springer Science $\mathplus$ Business Media}
}

@Article{MerkZinner2013,
  author =    {D. Merk and T. Zinner},
  title =     {{Detection of convective initiation using Meteosat {SEVIRI}: implementation in and verification with the tracking and nowcasting algorithm Cb-{TRAM}}},
  journal =   {Atmos. Meas. Tech.},
  year =      {2013},
  volume =    {6},
  number =    {8},
  pages =     {1903--1918},
  month =     {aug},
  doi =       {10.5194/amt-6-1903-2013},
  file =      {:Merk_2013_AMT.pdf:PDF},
  publisher = {Copernicus {GmbH}}
}

@booklet{Mousselin2017,
	author = {Moisselin, Jean-Marc and Auton\`{e}s, Fr\'{e}d\'{e}ric },
	title = {{Rapidly Developing Thunderstorm (RDT) and Convection Initiation (CI)}},
	howpublished= {Presentation at the DWD CM\,SAF seminar},
	year = {2017}
}

@Article{Heidke1926,
  author =    {Heike, P.},
  title =     {{Berechnung des Erfolges und der G\"{u}te der Windst\"{a}rkevorhersagen im Sturmwarnungsdienst [Calculation of the success and the quality of wind strength predictions in storm warning operations]}},
  journal =   {Geografiska Annaler},
  year =      {1926},
  volume =    {8},
  pages =     {301--349 },
  doi =       {10.2307/519729 },
  publisher = {Taylor & Francis, Ltd.}
}




